@book{Vogel,
    author    = "Manuel Vogel",
    publisher = {Springer, Cham},
    title     = "Particle Confinement in Penning Traps",
    url       = "https://link-springer-com.ezproxy.uio.no/book/10.1007%2F978-3-319-76264-7#authorsandaffiliationsbook",
    note = "(accessed: 22.09.2021)",
    year ={2018},
    keywords  = "latex, Vogel"
}
